@misc{openmp,
    title = "{OpenMP}",
    howpublished = {\url{https://www.openmp.org/}},
}

@misc{mandelbrot,
    title = "{Mandelbrot set}",
    howpublished = {\url{https://en.wikipedia.org/wiki/Mandelbrot_set}},
}